%YAML 1.1
%TAG !u! tag:unity3d.com,2011:
--- !u!1 &8590536564809714854
GameObject:
  m_ObjectHideFlags: 0
  m_CorrespondingSourceObject: {fileID: 0}
  m_PrefabInstance: {fileID: 0}
  m_PrefabAsset: {fileID: 0}
  serializedVersion: 6
  m_Component:
  - component: {fileID: 8590536564809714853}
  m_Layer: 0
  m_Name: 1
  m_TagString: Untagged
  m_Icon: {fileID: 0}
  m_NavMeshLayer: 0
  m_StaticEditorFlags: 0
  m_IsActive: 1
--- !u!4 &8590536564809714853
Transform:
  m_ObjectHideFlags: 0
  m_CorrespondingSourceObject: {fileID: 0}
  m_PrefabInstance: {fileID: 0}
  m_PrefabAsset: {fileID: 0}
  m_GameObject: {fileID: 8590536564809714854}
  m_LocalRotation: {x: 0, y: 0, z: 0, w: 1}
  m_LocalPosition: {x: 0, y: 0, z: 0}
  m_LocalScale: {x: 1, y: 1, z: 1}
  m_Children:
  - {fileID: 7588491262402991644}
  - {fileID: 7588491260670960543}
  - {fileID: 7588491262321365795}
  - {fileID: 7588491260946561764}
  - {fileID: 7588491261040589633}
  - {fileID: 7588491261852849488}
  - {fileID: 7588491261827788089}
  - {fileID: 7588491262390288032}
  - {fileID: 7588491260646732768}
  - {fileID: 7588491261778519744}
  - {fileID: 7588491261851618563}
  - {fileID: 7588491261218510452}
  - {fileID: 7588491262203552760}
  - {fileID: 7588491260376979427}
  - {fileID: 7588491262240024801}
  - {fileID: 7588491261055080426}
  - {fileID: 7588491261919765684}
  - {fileID: 7588491261768875041}
  - {fileID: 7588491261684811480}
  - {fileID: 7588491261143597604}
  - {fileID: 7588491261453484841}
  - {fileID: 7588491260991141382}
  - {fileID: 7588491261740893036}
  - {fileID: 5638393162774032610}
  - {fileID: 7720824995208471069}
  m_Father: {fileID: 0}
  m_RootOrder: 0
  m_LocalEulerAnglesHint: {x: 0, y: 0, z: 0}
--- !u!1001 &5784754219295269351
PrefabInstance:
  m_ObjectHideFlags: 0
  serializedVersion: 2
  m_Modification:
    m_TransformParent: {fileID: 8590536564809714853}
    m_Modifications:
    - target: {fileID: 1307530547834365943, guid: a97d1e3278b9c274488a3eb3833e5639,
        type: 3}
      propertyPath: m_Name
      value: BigBlackCube (6)
      objectReference: {fileID: 0}
    - target: {fileID: 2195517896538083589, guid: a97d1e3278b9c274488a3eb3833e5639,
        type: 3}
      propertyPath: m_LocalPosition.x
      value: 4.5
      objectReference: {fileID: 0}
    - target: {fileID: 2195517896538083589, guid: a97d1e3278b9c274488a3eb3833e5639,
        type: 3}
      propertyPath: m_LocalPosition.y
      value: 0
      objectReference: {fileID: 0}
    - target: {fileID: 2195517896538083589, guid: a97d1e3278b9c274488a3eb3833e5639,
        type: 3}
      propertyPath: m_LocalPosition.z
      value: 1.5
      objectReference: {fileID: 0}
    - target: {fileID: 2195517896538083589, guid: a97d1e3278b9c274488a3eb3833e5639,
        type: 3}
      propertyPath: m_LocalRotation.x
      value: 0
      objectReference: {fileID: 0}
    - target: {fileID: 2195517896538083589, guid: a97d1e3278b9c274488a3eb3833e5639,
        type: 3}
      propertyPath: m_LocalRotation.y
      value: 0
      objectReference: {fileID: 0}
    - target: {fileID: 2195517896538083589, guid: a97d1e3278b9c274488a3eb3833e5639,
        type: 3}
      propertyPath: m_LocalRotation.z
      value: 0
      objectReference: {fileID: 0}
    - target: {fileID: 2195517896538083589, guid: a97d1e3278b9c274488a3eb3833e5639,
        type: 3}
      propertyPath: m_LocalRotation.w
      value: 1
      objectReference: {fileID: 0}
    - target: {fileID: 2195517896538083589, guid: a97d1e3278b9c274488a3eb3833e5639,
        type: 3}
      propertyPath: m_RootOrder
      value: 23
      objectReference: {fileID: 0}
    - target: {fileID: 2195517896538083589, guid: a97d1e3278b9c274488a3eb3833e5639,
        type: 3}
      propertyPath: m_LocalEulerAnglesHint.x
      value: 0
      objectReference: {fileID: 0}
    - target: {fileID: 2195517896538083589, guid: a97d1e3278b9c274488a3eb3833e5639,
        type: 3}
      propertyPath: m_LocalEulerAnglesHint.y
      value: 0
      objectReference: {fileID: 0}
    - target: {fileID: 2195517896538083589, guid: a97d1e3278b9c274488a3eb3833e5639,
        type: 3}
      propertyPath: m_LocalEulerAnglesHint.z
      value: 0
      objectReference: {fileID: 0}
    m_RemovedComponents: []
  m_SourcePrefab: {fileID: 100100000, guid: a97d1e3278b9c274488a3eb3833e5639, type: 3}
--- !u!4 &5638393162774032610 stripped
Transform:
  m_CorrespondingSourceObject: {fileID: 2195517896538083589, guid: a97d1e3278b9c274488a3eb3833e5639,
    type: 3}
  m_PrefabInstance: {fileID: 5784754219295269351}
  m_PrefabAsset: {fileID: 0}
--- !u!1001 &8457173545870553880
PrefabInstance:
  m_ObjectHideFlags: 0
  serializedVersion: 2
  m_Modification:
    m_TransformParent: {fileID: 8590536564809714853}
    m_Modifications:
    - target: {fileID: 1307530547834365943, guid: a97d1e3278b9c274488a3eb3833e5639,
        type: 3}
      propertyPath: m_Name
      value: BigBlackCube (7)
      objectReference: {fileID: 0}
    - target: {fileID: 2195517896538083589, guid: a97d1e3278b9c274488a3eb3833e5639,
        type: 3}
      propertyPath: m_LocalPosition.x
      value: -4.5
      objectReference: {fileID: 0}
    - target: {fileID: 2195517896538083589, guid: a97d1e3278b9c274488a3eb3833e5639,
        type: 3}
      propertyPath: m_LocalPosition.y
      value: 0
      objectReference: {fileID: 0}
    - target: {fileID: 2195517896538083589, guid: a97d1e3278b9c274488a3eb3833e5639,
        type: 3}
      propertyPath: m_LocalPosition.z
      value: 1.5
      objectReference: {fileID: 0}
    - target: {fileID: 2195517896538083589, guid: a97d1e3278b9c274488a3eb3833e5639,
        type: 3}
      propertyPath: m_LocalRotation.x
      value: 0
      objectReference: {fileID: 0}
    - target: {fileID: 2195517896538083589, guid: a97d1e3278b9c274488a3eb3833e5639,
        type: 3}
      propertyPath: m_LocalRotation.y
      value: 0
      objectReference: {fileID: 0}
    - target: {fileID: 2195517896538083589, guid: a97d1e3278b9c274488a3eb3833e5639,
        type: 3}
      propertyPath: m_LocalRotation.z
      value: 0
      objectReference: {fileID: 0}
    - target: {fileID: 2195517896538083589, guid: a97d1e3278b9c274488a3eb3833e5639,
        type: 3}
      propertyPath: m_LocalRotation.w
      value: 1
      objectReference: {fileID: 0}
    - target: {fileID: 2195517896538083589, guid: a97d1e3278b9c274488a3eb3833e5639,
        type: 3}
      propertyPath: m_RootOrder
      value: 24
      objectReference: {fileID: 0}
    - target: {fileID: 2195517896538083589, guid: a97d1e3278b9c274488a3eb3833e5639,
        type: 3}
      propertyPath: m_LocalEulerAnglesHint.x
      value: 0
      objectReference: {fileID: 0}
    - target: {fileID: 2195517896538083589, guid: a97d1e3278b9c274488a3eb3833e5639,
        type: 3}
      propertyPath: m_LocalEulerAnglesHint.y
      value: 0
      objectReference: {fileID: 0}
    - target: {fileID: 2195517896538083589, guid: a97d1e3278b9c274488a3eb3833e5639,
        type: 3}
      propertyPath: m_LocalEulerAnglesHint.z
      value: 0
      objectReference: {fileID: 0}
    m_RemovedComponents: []
  m_SourcePrefab: {fileID: 100100000, guid: a97d1e3278b9c274488a3eb3833e5639, type: 3}
--- !u!4 &7720824995208471069 stripped
Transform:
  m_CorrespondingSourceObject: {fileID: 2195517896538083589, guid: a97d1e3278b9c274488a3eb3833e5639,
    type: 3}
  m_PrefabInstance: {fileID: 8457173545870553880}
  m_PrefabAsset: {fileID: 0}
--- !u!1001 &8590536563925403366
PrefabInstance:
  m_ObjectHideFlags: 0
  serializedVersion: 2
  m_Modification:
    m_TransformParent: {fileID: 8590536564809714853}
    m_Modifications:
    - target: {fileID: 1307530547834365943, guid: eb6fb72f9d6bc7849a8b23729bd9df72,
        type: 3}
      propertyPath: m_Name
      value: SmallWhiteCube (8)
      objectReference: {fileID: 0}
    - target: {fileID: 2195517896538083589, guid: eb6fb72f9d6bc7849a8b23729bd9df72,
        type: 3}
      propertyPath: m_LocalPosition.x
      value: -3
      objectReference: {fileID: 0}
    - target: {fileID: 2195517896538083589, guid: eb6fb72f9d6bc7849a8b23729bd9df72,
        type: 3}
      propertyPath: m_LocalPosition.y
      value: -0.25
      objectReference: {fileID: 0}
    - target: {fileID: 2195517896538083589, guid: eb6fb72f9d6bc7849a8b23729bd9df72,
        type: 3}
      propertyPath: m_LocalPosition.z
      value: -0.5
      objectReference: {fileID: 0}
    - target: {fileID: 2195517896538083589, guid: eb6fb72f9d6bc7849a8b23729bd9df72,
        type: 3}
      propertyPath: m_LocalRotation.x
      value: 0
      objectReference: {fileID: 0}
    - target: {fileID: 2195517896538083589, guid: eb6fb72f9d6bc7849a8b23729bd9df72,
        type: 3}
      propertyPath: m_LocalRotation.y
      value: 0
      objectReference: {fileID: 0}
    - target: {fileID: 2195517896538083589, guid: eb6fb72f9d6bc7849a8b23729bd9df72,
        type: 3}
      propertyPath: m_LocalRotation.z
      value: 0
      objectReference: {fileID: 0}
    - target: {fileID: 2195517896538083589, guid: eb6fb72f9d6bc7849a8b23729bd9df72,
        type: 3}
      propertyPath: m_LocalRotation.w
      value: 1
      objectReference: {fileID: 0}
    - target: {fileID: 2195517896538083589, guid: eb6fb72f9d6bc7849a8b23729bd9df72,
        type: 3}
      propertyPath: m_RootOrder
      value: 13
      objectReference: {fileID: 0}
    - target: {fileID: 2195517896538083589, guid: eb6fb72f9d6bc7849a8b23729bd9df72,
        type: 3}
      propertyPath: m_LocalEulerAnglesHint.x
      value: 0
      objectReference: {fileID: 0}
    - target: {fileID: 2195517896538083589, guid: eb6fb72f9d6bc7849a8b23729bd9df72,
        type: 3}
      propertyPath: m_LocalEulerAnglesHint.y
      value: 0
      objectReference: {fileID: 0}
    - target: {fileID: 2195517896538083589, guid: eb6fb72f9d6bc7849a8b23729bd9df72,
        type: 3}
      propertyPath: m_LocalEulerAnglesHint.z
      value: 0
      objectReference: {fileID: 0}
    m_RemovedComponents: []
  m_SourcePrefab: {fileID: 100100000, guid: eb6fb72f9d6bc7849a8b23729bd9df72, type: 3}
--- !u!4 &7588491260376979427 stripped
Transform:
  m_CorrespondingSourceObject: {fileID: 2195517896538083589, guid: eb6fb72f9d6bc7849a8b23729bd9df72,
    type: 3}
  m_PrefabInstance: {fileID: 8590536563925403366}
  m_PrefabAsset: {fileID: 0}
--- !u!1001 &8590536564220146330
PrefabInstance:
  m_ObjectHideFlags: 0
  serializedVersion: 2
  m_Modification:
    m_TransformParent: {fileID: 8590536564809714853}
    m_Modifications:
    - target: {fileID: 1307530547834365943, guid: a97d1e3278b9c274488a3eb3833e5639,
        type: 3}
      propertyPath: m_Name
      value: BigBlackCube (2)
      objectReference: {fileID: 0}
    - target: {fileID: 2195517896538083589, guid: a97d1e3278b9c274488a3eb3833e5639,
        type: 3}
      propertyPath: m_LocalPosition.x
      value: -1.5
      objectReference: {fileID: 0}
    - target: {fileID: 2195517896538083589, guid: a97d1e3278b9c274488a3eb3833e5639,
        type: 3}
      propertyPath: m_LocalPosition.y
      value: 0
      objectReference: {fileID: 0}
    - target: {fileID: 2195517896538083589, guid: a97d1e3278b9c274488a3eb3833e5639,
        type: 3}
      propertyPath: m_LocalPosition.z
      value: 1.5
      objectReference: {fileID: 0}
    - target: {fileID: 2195517896538083589, guid: a97d1e3278b9c274488a3eb3833e5639,
        type: 3}
      propertyPath: m_LocalRotation.x
      value: 0
      objectReference: {fileID: 0}
    - target: {fileID: 2195517896538083589, guid: a97d1e3278b9c274488a3eb3833e5639,
        type: 3}
      propertyPath: m_LocalRotation.y
      value: 0
      objectReference: {fileID: 0}
    - target: {fileID: 2195517896538083589, guid: a97d1e3278b9c274488a3eb3833e5639,
        type: 3}
      propertyPath: m_LocalRotation.z
      value: 0
      objectReference: {fileID: 0}
    - target: {fileID: 2195517896538083589, guid: a97d1e3278b9c274488a3eb3833e5639,
        type: 3}
      propertyPath: m_LocalRotation.w
      value: 1
      objectReference: {fileID: 0}
    - target: {fileID: 2195517896538083589, guid: a97d1e3278b9c274488a3eb3833e5639,
        type: 3}
      propertyPath: m_RootOrder
      value: 1
      objectReference: {fileID: 0}
    - target: {fileID: 2195517896538083589, guid: a97d1e3278b9c274488a3eb3833e5639,
        type: 3}
      propertyPath: m_LocalEulerAnglesHint.x
      value: 0
      objectReference: {fileID: 0}
    - target: {fileID: 2195517896538083589, guid: a97d1e3278b9c274488a3eb3833e5639,
        type: 3}
      propertyPath: m_LocalEulerAnglesHint.y
      value: 0
      objectReference: {fileID: 0}
    - target: {fileID: 2195517896538083589, guid: a97d1e3278b9c274488a3eb3833e5639,
        type: 3}
      propertyPath: m_LocalEulerAnglesHint.z
      value: 0
      objectReference: {fileID: 0}
    m_RemovedComponents: []
  m_SourcePrefab: {fileID: 100100000, guid: a97d1e3278b9c274488a3eb3833e5639, type: 3}
--- !u!4 &7588491260670960543 stripped
Transform:
  m_CorrespondingSourceObject: {fileID: 2195517896538083589, guid: a97d1e3278b9c274488a3eb3833e5639,
    type: 3}
  m_PrefabInstance: {fileID: 8590536564220146330}
  m_PrefabAsset: {fileID: 0}
--- !u!1001 &8590536564233954021
PrefabInstance:
  m_ObjectHideFlags: 0
  serializedVersion: 2
  m_Modification:
    m_TransformParent: {fileID: 8590536564809714853}
    m_Modifications:
    - target: {fileID: 1307530547834365943, guid: eb6fb72f9d6bc7849a8b23729bd9df72,
        type: 3}
      propertyPath: m_Name
      value: SmallWhiteCube (3)
      objectReference: {fileID: 0}
    - target: {fileID: 2195517896538083589, guid: eb6fb72f9d6bc7849a8b23729bd9df72,
        type: 3}
      propertyPath: m_LocalPosition.x
      value: 2.98
      objectReference: {fileID: 0}
    - target: {fileID: 2195517896538083589, guid: eb6fb72f9d6bc7849a8b23729bd9df72,
        type: 3}
      propertyPath: m_LocalPosition.y
      value: -0.25
      objectReference: {fileID: 0}
    - target: {fileID: 2195517896538083589, guid: eb6fb72f9d6bc7849a8b23729bd9df72,
        type: 3}
      propertyPath: m_LocalPosition.z
      value: 0.5
      objectReference: {fileID: 0}
    - target: {fileID: 2195517896538083589, guid: eb6fb72f9d6bc7849a8b23729bd9df72,
        type: 3}
      propertyPath: m_LocalRotation.x
      value: 0
      objectReference: {fileID: 0}
    - target: {fileID: 2195517896538083589, guid: eb6fb72f9d6bc7849a8b23729bd9df72,
        type: 3}
      propertyPath: m_LocalRotation.y
      value: 0
      objectReference: {fileID: 0}
    - target: {fileID: 2195517896538083589, guid: eb6fb72f9d6bc7849a8b23729bd9df72,
        type: 3}
      propertyPath: m_LocalRotation.z
      value: 0
      objectReference: {fileID: 0}
    - target: {fileID: 2195517896538083589, guid: eb6fb72f9d6bc7849a8b23729bd9df72,
        type: 3}
      propertyPath: m_LocalRotation.w
      value: 1
      objectReference: {fileID: 0}
    - target: {fileID: 2195517896538083589, guid: eb6fb72f9d6bc7849a8b23729bd9df72,
        type: 3}
      propertyPath: m_RootOrder
      value: 8
      objectReference: {fileID: 0}
    - target: {fileID: 2195517896538083589, guid: eb6fb72f9d6bc7849a8b23729bd9df72,
        type: 3}
      propertyPath: m_LocalEulerAnglesHint.x
      value: 0
      objectReference: {fileID: 0}
    - target: {fileID: 2195517896538083589, guid: eb6fb72f9d6bc7849a8b23729bd9df72,
        type: 3}
      propertyPath: m_LocalEulerAnglesHint.y
      value: 0
      objectReference: {fileID: 0}
    - target: {fileID: 2195517896538083589, guid: eb6fb72f9d6bc7849a8b23729bd9df72,
        type: 3}
      propertyPath: m_LocalEulerAnglesHint.z
      value: 0
      objectReference: {fileID: 0}
    m_RemovedComponents: []
  m_SourcePrefab: {fileID: 100100000, guid: eb6fb72f9d6bc7849a8b23729bd9df72, type: 3}
--- !u!4 &7588491260646732768 stripped
Transform:
  m_CorrespondingSourceObject: {fileID: 2195517896538083589, guid: eb6fb72f9d6bc7849a8b23729bd9df72,
    type: 3}
  m_PrefabInstance: {fileID: 8590536564233954021}
  m_PrefabAsset: {fileID: 0}
--- !u!1001 &8590536564496034785
PrefabInstance:
  m_ObjectHideFlags: 0
  serializedVersion: 2
  m_Modification:
    m_TransformParent: {fileID: 8590536564809714853}
    m_Modifications:
    - target: {fileID: 1307530547834365943, guid: a97d1e3278b9c274488a3eb3833e5639,
        type: 3}
      propertyPath: m_Name
      value: BigBlackCube (4)
      objectReference: {fileID: 0}
    - target: {fileID: 2195517896538083589, guid: a97d1e3278b9c274488a3eb3833e5639,
        type: 3}
      propertyPath: m_LocalPosition.x
      value: 1.5
      objectReference: {fileID: 0}
    - target: {fileID: 2195517896538083589, guid: a97d1e3278b9c274488a3eb3833e5639,
        type: 3}
      propertyPath: m_LocalPosition.y
      value: 0
      objectReference: {fileID: 0}
    - target: {fileID: 2195517896538083589, guid: a97d1e3278b9c274488a3eb3833e5639,
        type: 3}
      propertyPath: m_LocalPosition.z
      value: 1.5
      objectReference: {fileID: 0}
    - target: {fileID: 2195517896538083589, guid: a97d1e3278b9c274488a3eb3833e5639,
        type: 3}
      propertyPath: m_LocalRotation.x
      value: 0
      objectReference: {fileID: 0}
    - target: {fileID: 2195517896538083589, guid: a97d1e3278b9c274488a3eb3833e5639,
        type: 3}
      propertyPath: m_LocalRotation.y
      value: 0
      objectReference: {fileID: 0}
    - target: {fileID: 2195517896538083589, guid: a97d1e3278b9c274488a3eb3833e5639,
        type: 3}
      propertyPath: m_LocalRotation.z
      value: 0
      objectReference: {fileID: 0}
    - target: {fileID: 2195517896538083589, guid: a97d1e3278b9c274488a3eb3833e5639,
        type: 3}
      propertyPath: m_LocalRotation.w
      value: 1
      objectReference: {fileID: 0}
    - target: {fileID: 2195517896538083589, guid: a97d1e3278b9c274488a3eb3833e5639,
        type: 3}
      propertyPath: m_RootOrder
      value: 3
      objectReference: {fileID: 0}
    - target: {fileID: 2195517896538083589, guid: a97d1e3278b9c274488a3eb3833e5639,
        type: 3}
      propertyPath: m_LocalEulerAnglesHint.x
      value: 0
      objectReference: {fileID: 0}
    - target: {fileID: 2195517896538083589, guid: a97d1e3278b9c274488a3eb3833e5639,
        type: 3}
      propertyPath: m_LocalEulerAnglesHint.y
      value: 0
      objectReference: {fileID: 0}
    - target: {fileID: 2195517896538083589, guid: a97d1e3278b9c274488a3eb3833e5639,
        type: 3}
      propertyPath: m_LocalEulerAnglesHint.z
      value: 0
      objectReference: {fileID: 0}
    m_RemovedComponents: []
  m_SourcePrefab: {fileID: 100100000, guid: a97d1e3278b9c274488a3eb3833e5639, type: 3}
--- !u!4 &7588491260946561764 stripped
Transform:
  m_CorrespondingSourceObject: {fileID: 2195517896538083589, guid: a97d1e3278b9c274488a3eb3833e5639,
    type: 3}
  m_PrefabInstance: {fileID: 8590536564496034785}
  m_PrefabAsset: {fileID: 0}
--- !u!1001 &8590536564577281795
PrefabInstance:
  m_ObjectHideFlags: 0
  serializedVersion: 2
  m_Modification:
    m_TransformParent: {fileID: 8590536564809714853}
    m_Modifications:
    - target: {fileID: 1307530547834365943, guid: eb6fb72f9d6bc7849a8b23729bd9df72,
        type: 3}
      propertyPath: m_Name
      value: SmallWhiteCube (16)
      objectReference: {fileID: 0}
    - target: {fileID: 2195517896538083589, guid: eb6fb72f9d6bc7849a8b23729bd9df72,
        type: 3}
      propertyPath: m_LocalPosition.x
      value: 2.23
      objectReference: {fileID: 0}
    - target: {fileID: 2195517896538083589, guid: eb6fb72f9d6bc7849a8b23729bd9df72,
        type: 3}
      propertyPath: m_LocalPosition.y
      value: -0.25
      objectReference: {fileID: 0}
    - target: {fileID: 2195517896538083589, guid: eb6fb72f9d6bc7849a8b23729bd9df72,
        type: 3}
      propertyPath: m_LocalPosition.z
      value: -1.5
      objectReference: {fileID: 0}
    - target: {fileID: 2195517896538083589, guid: eb6fb72f9d6bc7849a8b23729bd9df72,
        type: 3}
      propertyPath: m_LocalRotation.x
      value: 0
      objectReference: {fileID: 0}
    - target: {fileID: 2195517896538083589, guid: eb6fb72f9d6bc7849a8b23729bd9df72,
        type: 3}
      propertyPath: m_LocalRotation.y
      value: 0
      objectReference: {fileID: 0}
    - target: {fileID: 2195517896538083589, guid: eb6fb72f9d6bc7849a8b23729bd9df72,
        type: 3}
      propertyPath: m_LocalRotation.z
      value: 0
      objectReference: {fileID: 0}
    - target: {fileID: 2195517896538083589, guid: eb6fb72f9d6bc7849a8b23729bd9df72,
        type: 3}
      propertyPath: m_LocalRotation.w
      value: 1
      objectReference: {fileID: 0}
    - target: {fileID: 2195517896538083589, guid: eb6fb72f9d6bc7849a8b23729bd9df72,
        type: 3}
      propertyPath: m_RootOrder
      value: 21
      objectReference: {fileID: 0}
    - target: {fileID: 2195517896538083589, guid: eb6fb72f9d6bc7849a8b23729bd9df72,
        type: 3}
      propertyPath: m_LocalEulerAnglesHint.x
      value: 0
      objectReference: {fileID: 0}
    - target: {fileID: 2195517896538083589, guid: eb6fb72f9d6bc7849a8b23729bd9df72,
        type: 3}
      propertyPath: m_LocalEulerAnglesHint.y
      value: 0
      objectReference: {fileID: 0}
    - target: {fileID: 2195517896538083589, guid: eb6fb72f9d6bc7849a8b23729bd9df72,
        type: 3}
      propertyPath: m_LocalEulerAnglesHint.z
      value: 0
      objectReference: {fileID: 0}
    m_RemovedComponents: []
  m_SourcePrefab: {fileID: 100100000, guid: eb6fb72f9d6bc7849a8b23729bd9df72, type: 3}
--- !u!4 &7588491260991141382 stripped
Transform:
  m_CorrespondingSourceObject: {fileID: 2195517896538083589, guid: eb6fb72f9d6bc7849a8b23729bd9df72,
    type: 3}
  m_PrefabInstance: {fileID: 8590536564577281795}
  m_PrefabAsset: {fileID: 0}
--- !u!1001 &8590536564588718660
PrefabInstance:
  m_ObjectHideFlags: 0
  serializedVersion: 2
  m_Modification:
    m_TransformParent: {fileID: 8590536564809714853}
    m_Modifications:
    - target: {fileID: 1307530547834365943, guid: a97d1e3278b9c274488a3eb3833e5639,
        type: 3}
      propertyPath: m_Name
      value: BigBlackCube (5)
      objectReference: {fileID: 0}
    - target: {fileID: 2195517896538083589, guid: a97d1e3278b9c274488a3eb3833e5639,
        type: 3}
      propertyPath: m_LocalPosition.x
      value: 3
      objectReference: {fileID: 0}
    - target: {fileID: 2195517896538083589, guid: a97d1e3278b9c274488a3eb3833e5639,
        type: 3}
      propertyPath: m_LocalPosition.y
      value: 0
      objectReference: {fileID: 0}
    - target: {fileID: 2195517896538083589, guid: a97d1e3278b9c274488a3eb3833e5639,
        type: 3}
      propertyPath: m_LocalPosition.z
      value: 1.5
      objectReference: {fileID: 0}
    - target: {fileID: 2195517896538083589, guid: a97d1e3278b9c274488a3eb3833e5639,
        type: 3}
      propertyPath: m_LocalRotation.x
      value: 0
      objectReference: {fileID: 0}
    - target: {fileID: 2195517896538083589, guid: a97d1e3278b9c274488a3eb3833e5639,
        type: 3}
      propertyPath: m_LocalRotation.y
      value: 0
      objectReference: {fileID: 0}
    - target: {fileID: 2195517896538083589, guid: a97d1e3278b9c274488a3eb3833e5639,
        type: 3}
      propertyPath: m_LocalRotation.z
      value: 0
      objectReference: {fileID: 0}
    - target: {fileID: 2195517896538083589, guid: a97d1e3278b9c274488a3eb3833e5639,
        type: 3}
      propertyPath: m_LocalRotation.w
      value: 1
      objectReference: {fileID: 0}
    - target: {fileID: 2195517896538083589, guid: a97d1e3278b9c274488a3eb3833e5639,
        type: 3}
      propertyPath: m_RootOrder
      value: 4
      objectReference: {fileID: 0}
    - target: {fileID: 2195517896538083589, guid: a97d1e3278b9c274488a3eb3833e5639,
        type: 3}
      propertyPath: m_LocalEulerAnglesHint.x
      value: 0
      objectReference: {fileID: 0}
    - target: {fileID: 2195517896538083589, guid: a97d1e3278b9c274488a3eb3833e5639,
        type: 3}
      propertyPath: m_LocalEulerAnglesHint.y
      value: 0
      objectReference: {fileID: 0}
    - target: {fileID: 2195517896538083589, guid: a97d1e3278b9c274488a3eb3833e5639,
        type: 3}
      propertyPath: m_LocalEulerAnglesHint.z
      value: 0
      objectReference: {fileID: 0}
    m_RemovedComponents: []
  m_SourcePrefab: {fileID: 100100000, guid: a97d1e3278b9c274488a3eb3833e5639, type: 3}
--- !u!4 &7588491261040589633 stripped
Transform:
  m_CorrespondingSourceObject: {fileID: 2195517896538083589, guid: a97d1e3278b9c274488a3eb3833e5639,
    type: 3}
  m_PrefabInstance: {fileID: 8590536564588718660}
  m_PrefabAsset: {fileID: 0}
--- !u!1001 &8590536564641253103
PrefabInstance:
  m_ObjectHideFlags: 0
  serializedVersion: 2
  m_Modification:
    m_TransformParent: {fileID: 8590536564809714853}
    m_Modifications:
    - target: {fileID: 1307530547834365943, guid: eb6fb72f9d6bc7849a8b23729bd9df72,
        type: 3}
      propertyPath: m_Name
      value: SmallWhiteCube (10)
      objectReference: {fileID: 0}
    - target: {fileID: 2195517896538083589, guid: eb6fb72f9d6bc7849a8b23729bd9df72,
        type: 3}
      propertyPath: m_LocalPosition.x
      value: 2.23
      objectReference: {fileID: 0}
    - target: {fileID: 2195517896538083589, guid: eb6fb72f9d6bc7849a8b23729bd9df72,
        type: 3}
      propertyPath: m_LocalPosition.y
      value: -0.25
      objectReference: {fileID: 0}
    - target: {fileID: 2195517896538083589, guid: eb6fb72f9d6bc7849a8b23729bd9df72,
        type: 3}
      propertyPath: m_LocalPosition.z
      value: -0.5
      objectReference: {fileID: 0}
    - target: {fileID: 2195517896538083589, guid: eb6fb72f9d6bc7849a8b23729bd9df72,
        type: 3}
      propertyPath: m_LocalRotation.x
      value: 0
      objectReference: {fileID: 0}
    - target: {fileID: 2195517896538083589, guid: eb6fb72f9d6bc7849a8b23729bd9df72,
        type: 3}
      propertyPath: m_LocalRotation.y
      value: 0
      objectReference: {fileID: 0}
    - target: {fileID: 2195517896538083589, guid: eb6fb72f9d6bc7849a8b23729bd9df72,
        type: 3}
      propertyPath: m_LocalRotation.z
      value: 0
      objectReference: {fileID: 0}
    - target: {fileID: 2195517896538083589, guid: eb6fb72f9d6bc7849a8b23729bd9df72,
        type: 3}
      propertyPath: m_LocalRotation.w
      value: 1
      objectReference: {fileID: 0}
    - target: {fileID: 2195517896538083589, guid: eb6fb72f9d6bc7849a8b23729bd9df72,
        type: 3}
      propertyPath: m_RootOrder
      value: 15
      objectReference: {fileID: 0}
    - target: {fileID: 2195517896538083589, guid: eb6fb72f9d6bc7849a8b23729bd9df72,
        type: 3}
      propertyPath: m_LocalEulerAnglesHint.x
      value: 0
      objectReference: {fileID: 0}
    - target: {fileID: 2195517896538083589, guid: eb6fb72f9d6bc7849a8b23729bd9df72,
        type: 3}
      propertyPath: m_LocalEulerAnglesHint.y
      value: 0
      objectReference: {fileID: 0}
    - target: {fileID: 2195517896538083589, guid: eb6fb72f9d6bc7849a8b23729bd9df72,
        type: 3}
      propertyPath: m_LocalEulerAnglesHint.z
      value: 0
      objectReference: {fileID: 0}
    m_RemovedComponents: []
  m_SourcePrefab: {fileID: 100100000, guid: eb6fb72f9d6bc7849a8b23729bd9df72, type: 3}
--- !u!4 &7588491261055080426 stripped
Transform:
  m_CorrespondingSourceObject: {fileID: 2195517896538083589, guid: eb6fb72f9d6bc7849a8b23729bd9df72,
    type: 3}
  m_PrefabInstance: {fileID: 8590536564641253103}
  m_PrefabAsset: {fileID: 0}
--- !u!1001 &8590536564695929633
PrefabInstance:
  m_ObjectHideFlags: 0
  serializedVersion: 2
  m_Modification:
    m_TransformParent: {fileID: 8590536564809714853}
    m_Modifications:
    - target: {fileID: 1307530547834365943, guid: eb6fb72f9d6bc7849a8b23729bd9df72,
        type: 3}
      propertyPath: m_Name
      value: SmallWhiteCube (14)
      objectReference: {fileID: 0}
    - target: {fileID: 2195517896538083589, guid: eb6fb72f9d6bc7849a8b23729bd9df72,
        type: 3}
      propertyPath: m_LocalPosition.x
      value: -3
      objectReference: {fileID: 0}
    - target: {fileID: 2195517896538083589, guid: eb6fb72f9d6bc7849a8b23729bd9df72,
        type: 3}
      propertyPath: m_LocalPosition.y
      value: -0.25
      objectReference: {fileID: 0}
    - target: {fileID: 2195517896538083589, guid: eb6fb72f9d6bc7849a8b23729bd9df72,
        type: 3}
      propertyPath: m_LocalPosition.z
      value: -1.5
      objectReference: {fileID: 0}
    - target: {fileID: 2195517896538083589, guid: eb6fb72f9d6bc7849a8b23729bd9df72,
        type: 3}
      propertyPath: m_LocalRotation.x
      value: 0
      objectReference: {fileID: 0}
    - target: {fileID: 2195517896538083589, guid: eb6fb72f9d6bc7849a8b23729bd9df72,
        type: 3}
      propertyPath: m_LocalRotation.y
      value: 0
      objectReference: {fileID: 0}
    - target: {fileID: 2195517896538083589, guid: eb6fb72f9d6bc7849a8b23729bd9df72,
        type: 3}
      propertyPath: m_LocalRotation.z
      value: 0
      objectReference: {fileID: 0}
    - target: {fileID: 2195517896538083589, guid: eb6fb72f9d6bc7849a8b23729bd9df72,
        type: 3}
      propertyPath: m_LocalRotation.w
      value: 1
      objectReference: {fileID: 0}
    - target: {fileID: 2195517896538083589, guid: eb6fb72f9d6bc7849a8b23729bd9df72,
        type: 3}
      propertyPath: m_RootOrder
      value: 19
      objectReference: {fileID: 0}
    - target: {fileID: 2195517896538083589, guid: eb6fb72f9d6bc7849a8b23729bd9df72,
        type: 3}
      propertyPath: m_LocalEulerAnglesHint.x
      value: 0
      objectReference: {fileID: 0}
    - target: {fileID: 2195517896538083589, guid: eb6fb72f9d6bc7849a8b23729bd9df72,
        type: 3}
      propertyPath: m_LocalEulerAnglesHint.y
      value: 0
      objectReference: {fileID: 0}
    - target: {fileID: 2195517896538083589, guid: eb6fb72f9d6bc7849a8b23729bd9df72,
        type: 3}
      propertyPath: m_LocalEulerAnglesHint.z
      value: 0
      objectReference: {fileID: 0}
    m_RemovedComponents: []
  m_SourcePrefab: {fileID: 100100000, guid: eb6fb72f9d6bc7849a8b23729bd9df72, type: 3}
--- !u!4 &7588491261143597604 stripped
Transform:
  m_CorrespondingSourceObject: {fileID: 2195517896538083589, guid: eb6fb72f9d6bc7849a8b23729bd9df72,
    type: 3}
  m_PrefabInstance: {fileID: 8590536564695929633}
  m_PrefabAsset: {fileID: 0}
--- !u!1001 &8590536564805699441
PrefabInstance:
  m_ObjectHideFlags: 0
  serializedVersion: 2
  m_Modification:
    m_TransformParent: {fileID: 8590536564809714853}
    m_Modifications:
    - target: {fileID: 1307530547834365943, guid: eb6fb72f9d6bc7849a8b23729bd9df72,
        type: 3}
      propertyPath: m_Name
      value: SmallWhiteCube (6)
      objectReference: {fileID: 0}
    - target: {fileID: 2195517896538083589, guid: eb6fb72f9d6bc7849a8b23729bd9df72,
        type: 3}
      propertyPath: m_LocalPosition.x
      value: -1.5
      objectReference: {fileID: 0}
    - target: {fileID: 2195517896538083589, guid: eb6fb72f9d6bc7849a8b23729bd9df72,
        type: 3}
      propertyPath: m_LocalPosition.y
      value: -0.25
      objectReference: {fileID: 0}
    - target: {fileID: 2195517896538083589, guid: eb6fb72f9d6bc7849a8b23729bd9df72,
        type: 3}
      propertyPath: m_LocalPosition.z
      value: -0.5
      objectReference: {fileID: 0}
    - target: {fileID: 2195517896538083589, guid: eb6fb72f9d6bc7849a8b23729bd9df72,
        type: 3}
      propertyPath: m_LocalRotation.x
      value: 0
      objectReference: {fileID: 0}
    - target: {fileID: 2195517896538083589, guid: eb6fb72f9d6bc7849a8b23729bd9df72,
        type: 3}
      propertyPath: m_LocalRotation.y
      value: 0
      objectReference: {fileID: 0}
    - target: {fileID: 2195517896538083589, guid: eb6fb72f9d6bc7849a8b23729bd9df72,
        type: 3}
      propertyPath: m_LocalRotation.z
      value: 0
      objectReference: {fileID: 0}
    - target: {fileID: 2195517896538083589, guid: eb6fb72f9d6bc7849a8b23729bd9df72,
        type: 3}
      propertyPath: m_LocalRotation.w
      value: 1
      objectReference: {fileID: 0}
    - target: {fileID: 2195517896538083589, guid: eb6fb72f9d6bc7849a8b23729bd9df72,
        type: 3}
      propertyPath: m_RootOrder
      value: 11
      objectReference: {fileID: 0}
    - target: {fileID: 2195517896538083589, guid: eb6fb72f9d6bc7849a8b23729bd9df72,
        type: 3}
      propertyPath: m_LocalEulerAnglesHint.x
      value: 0
      objectReference: {fileID: 0}
    - target: {fileID: 2195517896538083589, guid: eb6fb72f9d6bc7849a8b23729bd9df72,
        type: 3}
      propertyPath: m_LocalEulerAnglesHint.y
      value: 0
      objectReference: {fileID: 0}
    - target: {fileID: 2195517896538083589, guid: eb6fb72f9d6bc7849a8b23729bd9df72,
        type: 3}
      propertyPath: m_LocalEulerAnglesHint.z
      value: 0
      objectReference: {fileID: 0}
    m_RemovedComponents: []
  m_SourcePrefab: {fileID: 100100000, guid: eb6fb72f9d6bc7849a8b23729bd9df72, type: 3}
--- !u!4 &7588491261218510452 stripped
Transform:
  m_CorrespondingSourceObject: {fileID: 2195517896538083589, guid: eb6fb72f9d6bc7849a8b23729bd9df72,
    type: 3}
  m_PrefabInstance: {fileID: 8590536564805699441}
  m_PrefabAsset: {fileID: 0}
--- !u!1001 &8590536565040419372
PrefabInstance:
  m_ObjectHideFlags: 0
  serializedVersion: 2
  m_Modification:
    m_TransformParent: {fileID: 8590536564809714853}
    m_Modifications:
    - target: {fileID: 1307530547834365943, guid: eb6fb72f9d6bc7849a8b23729bd9df72,
        type: 3}
      propertyPath: m_Name
      value: SmallWhiteCube (15)
      objectReference: {fileID: 0}
    - target: {fileID: 2195517896538083589, guid: eb6fb72f9d6bc7849a8b23729bd9df72,
        type: 3}
      propertyPath: m_LocalPosition.x
      value: 2.98
      objectReference: {fileID: 0}
    - target: {fileID: 2195517896538083589, guid: eb6fb72f9d6bc7849a8b23729bd9df72,
        type: 3}
      propertyPath: m_LocalPosition.y
      value: -0.25
      objectReference: {fileID: 0}
    - target: {fileID: 2195517896538083589, guid: eb6fb72f9d6bc7849a8b23729bd9df72,
        type: 3}
      propertyPath: m_LocalPosition.z
      value: -1.5
      objectReference: {fileID: 0}
    - target: {fileID: 2195517896538083589, guid: eb6fb72f9d6bc7849a8b23729bd9df72,
        type: 3}
      propertyPath: m_LocalRotation.x
      value: 0
      objectReference: {fileID: 0}
    - target: {fileID: 2195517896538083589, guid: eb6fb72f9d6bc7849a8b23729bd9df72,
        type: 3}
      propertyPath: m_LocalRotation.y
      value: 0
      objectReference: {fileID: 0}
    - target: {fileID: 2195517896538083589, guid: eb6fb72f9d6bc7849a8b23729bd9df72,
        type: 3}
      propertyPath: m_LocalRotation.z
      value: 0
      objectReference: {fileID: 0}
    - target: {fileID: 2195517896538083589, guid: eb6fb72f9d6bc7849a8b23729bd9df72,
        type: 3}
      propertyPath: m_LocalRotation.w
      value: 1
      objectReference: {fileID: 0}
    - target: {fileID: 2195517896538083589, guid: eb6fb72f9d6bc7849a8b23729bd9df72,
        type: 3}
      propertyPath: m_RootOrder
      value: 20
      objectReference: {fileID: 0}
    - target: {fileID: 2195517896538083589, guid: eb6fb72f9d6bc7849a8b23729bd9df72,
        type: 3}
      propertyPath: m_LocalEulerAnglesHint.x
      value: 0
      objectReference: {fileID: 0}
    - target: {fileID: 2195517896538083589, guid: eb6fb72f9d6bc7849a8b23729bd9df72,
        type: 3}
      propertyPath: m_LocalEulerAnglesHint.y
      value: 0
      objectReference: {fileID: 0}
    - target: {fileID: 2195517896538083589, guid: eb6fb72f9d6bc7849a8b23729bd9df72,
        type: 3}
      propertyPath: m_LocalEulerAnglesHint.z
      value: 0
      objectReference: {fileID: 0}
    m_RemovedComponents: []
  m_SourcePrefab: {fileID: 100100000, guid: eb6fb72f9d6bc7849a8b23729bd9df72, type: 3}
--- !u!4 &7588491261453484841 stripped
Transform:
  m_CorrespondingSourceObject: {fileID: 2195517896538083589, guid: eb6fb72f9d6bc7849a8b23729bd9df72,
    type: 3}
  m_PrefabInstance: {fileID: 8590536565040419372}
  m_PrefabAsset: {fileID: 0}
--- !u!1001 &8590536565234292701
PrefabInstance:
  m_ObjectHideFlags: 0
  serializedVersion: 2
  m_Modification:
    m_TransformParent: {fileID: 8590536564809714853}
    m_Modifications:
    - target: {fileID: 1307530547834365943, guid: eb6fb72f9d6bc7849a8b23729bd9df72,
        type: 3}
      propertyPath: m_Name
      value: SmallWhiteCube (13)
      objectReference: {fileID: 0}
    - target: {fileID: 2195517896538083589, guid: eb6fb72f9d6bc7849a8b23729bd9df72,
        type: 3}
      propertyPath: m_LocalPosition.x
      value: -2.25
      objectReference: {fileID: 0}
    - target: {fileID: 2195517896538083589, guid: eb6fb72f9d6bc7849a8b23729bd9df72,
        type: 3}
      propertyPath: m_LocalPosition.y
      value: -0.25
      objectReference: {fileID: 0}
    - target: {fileID: 2195517896538083589, guid: eb6fb72f9d6bc7849a8b23729bd9df72,
        type: 3}
      propertyPath: m_LocalPosition.z
      value: -1.5
      objectReference: {fileID: 0}
    - target: {fileID: 2195517896538083589, guid: eb6fb72f9d6bc7849a8b23729bd9df72,
        type: 3}
      propertyPath: m_LocalRotation.x
      value: 0
      objectReference: {fileID: 0}
    - target: {fileID: 2195517896538083589, guid: eb6fb72f9d6bc7849a8b23729bd9df72,
        type: 3}
      propertyPath: m_LocalRotation.y
      value: 0
      objectReference: {fileID: 0}
    - target: {fileID: 2195517896538083589, guid: eb6fb72f9d6bc7849a8b23729bd9df72,
        type: 3}
      propertyPath: m_LocalRotation.z
      value: 0
      objectReference: {fileID: 0}
    - target: {fileID: 2195517896538083589, guid: eb6fb72f9d6bc7849a8b23729bd9df72,
        type: 3}
      propertyPath: m_LocalRotation.w
      value: 1
      objectReference: {fileID: 0}
    - target: {fileID: 2195517896538083589, guid: eb6fb72f9d6bc7849a8b23729bd9df72,
        type: 3}
      propertyPath: m_RootOrder
      value: 18
      objectReference: {fileID: 0}
    - target: {fileID: 2195517896538083589, guid: eb6fb72f9d6bc7849a8b23729bd9df72,
        type: 3}
      propertyPath: m_LocalEulerAnglesHint.x
      value: 0
      objectReference: {fileID: 0}
    - target: {fileID: 2195517896538083589, guid: eb6fb72f9d6bc7849a8b23729bd9df72,
        type: 3}
      propertyPath: m_LocalEulerAnglesHint.y
      value: 0
      objectReference: {fileID: 0}
    - target: {fileID: 2195517896538083589, guid: eb6fb72f9d6bc7849a8b23729bd9df72,
        type: 3}
      propertyPath: m_LocalEulerAnglesHint.z
      value: 0
      objectReference: {fileID: 0}
    m_RemovedComponents: []
  m_SourcePrefab: {fileID: 100100000, guid: eb6fb72f9d6bc7849a8b23729bd9df72, type: 3}
--- !u!4 &7588491261684811480 stripped
Transform:
  m_CorrespondingSourceObject: {fileID: 2195517896538083589, guid: eb6fb72f9d6bc7849a8b23729bd9df72,
    type: 3}
  m_PrefabInstance: {fileID: 8590536565234292701}
  m_PrefabAsset: {fileID: 0}
--- !u!1001 &8590536565289292393
PrefabInstance:
  m_ObjectHideFlags: 0
  serializedVersion: 2
  m_Modification:
    m_TransformParent: {fileID: 8590536564809714853}
    m_Modifications:
    - target: {fileID: 1307530547834365943, guid: eb6fb72f9d6bc7849a8b23729bd9df72,
        type: 3}
      propertyPath: m_Name
      value: SmallWhiteCube (17)
      objectReference: {fileID: 0}
    - target: {fileID: 2195517896538083589, guid: eb6fb72f9d6bc7849a8b23729bd9df72,
        type: 3}
      propertyPath: m_LocalPosition.x
      value: 1.48
      objectReference: {fileID: 0}
    - target: {fileID: 2195517896538083589, guid: eb6fb72f9d6bc7849a8b23729bd9df72,
        type: 3}
      propertyPath: m_LocalPosition.y
      value: -0.25
      objectReference: {fileID: 0}
    - target: {fileID: 2195517896538083589, guid: eb6fb72f9d6bc7849a8b23729bd9df72,
        type: 3}
      propertyPath: m_LocalPosition.z
      value: -1.5
      objectReference: {fileID: 0}
    - target: {fileID: 2195517896538083589, guid: eb6fb72f9d6bc7849a8b23729bd9df72,
        type: 3}
      propertyPath: m_LocalRotation.x
      value: 0
      objectReference: {fileID: 0}
    - target: {fileID: 2195517896538083589, guid: eb6fb72f9d6bc7849a8b23729bd9df72,
        type: 3}
      propertyPath: m_LocalRotation.y
      value: 0
      objectReference: {fileID: 0}
    - target: {fileID: 2195517896538083589, guid: eb6fb72f9d6bc7849a8b23729bd9df72,
        type: 3}
      propertyPath: m_LocalRotation.z
      value: 0
      objectReference: {fileID: 0}
    - target: {fileID: 2195517896538083589, guid: eb6fb72f9d6bc7849a8b23729bd9df72,
        type: 3}
      propertyPath: m_LocalRotation.w
      value: 1
      objectReference: {fileID: 0}
    - target: {fileID: 2195517896538083589, guid: eb6fb72f9d6bc7849a8b23729bd9df72,
        type: 3}
      propertyPath: m_RootOrder
      value: 22
      objectReference: {fileID: 0}
    - target: {fileID: 2195517896538083589, guid: eb6fb72f9d6bc7849a8b23729bd9df72,
        type: 3}
      propertyPath: m_LocalEulerAnglesHint.x
      value: 0
      objectReference: {fileID: 0}
    - target: {fileID: 2195517896538083589, guid: eb6fb72f9d6bc7849a8b23729bd9df72,
        type: 3}
      propertyPath: m_LocalEulerAnglesHint.y
      value: 0
      objectReference: {fileID: 0}
    - target: {fileID: 2195517896538083589, guid: eb6fb72f9d6bc7849a8b23729bd9df72,
        type: 3}
      propertyPath: m_LocalEulerAnglesHint.z
      value: 0
      objectReference: {fileID: 0}
    m_RemovedComponents: []
  m_SourcePrefab: {fileID: 100100000, guid: eb6fb72f9d6bc7849a8b23729bd9df72, type: 3}
--- !u!4 &7588491261740893036 stripped
Transform:
  m_CorrespondingSourceObject: {fileID: 2195517896538083589, guid: eb6fb72f9d6bc7849a8b23729bd9df72,
    type: 3}
  m_PrefabInstance: {fileID: 8590536565289292393}
  m_PrefabAsset: {fileID: 0}
--- !u!1001 &8590536565327706053
PrefabInstance:
  m_ObjectHideFlags: 0
  serializedVersion: 2
  m_Modification:
    m_TransformParent: {fileID: 8590536564809714853}
    m_Modifications:
    - target: {fileID: 1307530547834365943, guid: eb6fb72f9d6bc7849a8b23729bd9df72,
        type: 3}
      propertyPath: m_Name
      value: SmallWhiteCube (4)
      objectReference: {fileID: 0}
    - target: {fileID: 2195517896538083589, guid: eb6fb72f9d6bc7849a8b23729bd9df72,
        type: 3}
      propertyPath: m_LocalPosition.x
      value: 2.23
      objectReference: {fileID: 0}
    - target: {fileID: 2195517896538083589, guid: eb6fb72f9d6bc7849a8b23729bd9df72,
        type: 3}
      propertyPath: m_LocalPosition.y
      value: -0.25
      objectReference: {fileID: 0}
    - target: {fileID: 2195517896538083589, guid: eb6fb72f9d6bc7849a8b23729bd9df72,
        type: 3}
      propertyPath: m_LocalPosition.z
      value: 0.5
      objectReference: {fileID: 0}
    - target: {fileID: 2195517896538083589, guid: eb6fb72f9d6bc7849a8b23729bd9df72,
        type: 3}
      propertyPath: m_LocalRotation.x
      value: 0
      objectReference: {fileID: 0}
    - target: {fileID: 2195517896538083589, guid: eb6fb72f9d6bc7849a8b23729bd9df72,
        type: 3}
      propertyPath: m_LocalRotation.y
      value: 0
      objectReference: {fileID: 0}
    - target: {fileID: 2195517896538083589, guid: eb6fb72f9d6bc7849a8b23729bd9df72,
        type: 3}
      propertyPath: m_LocalRotation.z
      value: 0
      objectReference: {fileID: 0}
    - target: {fileID: 2195517896538083589, guid: eb6fb72f9d6bc7849a8b23729bd9df72,
        type: 3}
      propertyPath: m_LocalRotation.w
      value: 1
      objectReference: {fileID: 0}
    - target: {fileID: 2195517896538083589, guid: eb6fb72f9d6bc7849a8b23729bd9df72,
        type: 3}
      propertyPath: m_RootOrder
      value: 9
      objectReference: {fileID: 0}
    - target: {fileID: 2195517896538083589, guid: eb6fb72f9d6bc7849a8b23729bd9df72,
        type: 3}
      propertyPath: m_LocalEulerAnglesHint.x
      value: 0
      objectReference: {fileID: 0}
    - target: {fileID: 2195517896538083589, guid: eb6fb72f9d6bc7849a8b23729bd9df72,
        type: 3}
      propertyPath: m_LocalEulerAnglesHint.y
      value: 0
      objectReference: {fileID: 0}
    - target: {fileID: 2195517896538083589, guid: eb6fb72f9d6bc7849a8b23729bd9df72,
        type: 3}
      propertyPath: m_LocalEulerAnglesHint.z
      value: 0
      objectReference: {fileID: 0}
    m_RemovedComponents: []
  m_SourcePrefab: {fileID: 100100000, guid: eb6fb72f9d6bc7849a8b23729bd9df72, type: 3}
--- !u!4 &7588491261778519744 stripped
Transform:
  m_CorrespondingSourceObject: {fileID: 2195517896538083589, guid: eb6fb72f9d6bc7849a8b23729bd9df72,
    type: 3}
  m_PrefabInstance: {fileID: 8590536565327706053}
  m_PrefabAsset: {fileID: 0}
--- !u!1001 &8590536565351640356
PrefabInstance:
  m_ObjectHideFlags: 0
  serializedVersion: 2
  m_Modification:
    m_TransformParent: {fileID: 8590536564809714853}
    m_Modifications:
    - target: {fileID: 1307530547834365943, guid: eb6fb72f9d6bc7849a8b23729bd9df72,
        type: 3}
      propertyPath: m_Name
      value: SmallWhiteCube (12)
      objectReference: {fileID: 0}
    - target: {fileID: 2195517896538083589, guid: eb6fb72f9d6bc7849a8b23729bd9df72,
        type: 3}
      propertyPath: m_LocalPosition.x
      value: -1.5
      objectReference: {fileID: 0}
    - target: {fileID: 2195517896538083589, guid: eb6fb72f9d6bc7849a8b23729bd9df72,
        type: 3}
      propertyPath: m_LocalPosition.y
      value: -0.25
      objectReference: {fileID: 0}
    - target: {fileID: 2195517896538083589, guid: eb6fb72f9d6bc7849a8b23729bd9df72,
        type: 3}
      propertyPath: m_LocalPosition.z
      value: -1.5
      objectReference: {fileID: 0}
    - target: {fileID: 2195517896538083589, guid: eb6fb72f9d6bc7849a8b23729bd9df72,
        type: 3}
      propertyPath: m_LocalRotation.x
      value: 0
      objectReference: {fileID: 0}
    - target: {fileID: 2195517896538083589, guid: eb6fb72f9d6bc7849a8b23729bd9df72,
        type: 3}
      propertyPath: m_LocalRotation.y
      value: 0
      objectReference: {fileID: 0}
    - target: {fileID: 2195517896538083589, guid: eb6fb72f9d6bc7849a8b23729bd9df72,
        type: 3}
      propertyPath: m_LocalRotation.z
      value: 0
      objectReference: {fileID: 0}
    - target: {fileID: 2195517896538083589, guid: eb6fb72f9d6bc7849a8b23729bd9df72,
        type: 3}
      propertyPath: m_LocalRotation.w
      value: 1
      objectReference: {fileID: 0}
    - target: {fileID: 2195517896538083589, guid: eb6fb72f9d6bc7849a8b23729bd9df72,
        type: 3}
      propertyPath: m_RootOrder
      value: 17
      objectReference: {fileID: 0}
    - target: {fileID: 2195517896538083589, guid: eb6fb72f9d6bc7849a8b23729bd9df72,
        type: 3}
      propertyPath: m_LocalEulerAnglesHint.x
      value: 0
      objectReference: {fileID: 0}
    - target: {fileID: 2195517896538083589, guid: eb6fb72f9d6bc7849a8b23729bd9df72,
        type: 3}
      propertyPath: m_LocalEulerAnglesHint.y
      value: 0
      objectReference: {fileID: 0}
    - target: {fileID: 2195517896538083589, guid: eb6fb72f9d6bc7849a8b23729bd9df72,
        type: 3}
      propertyPath: m_LocalEulerAnglesHint.z
      value: 0
      objectReference: {fileID: 0}
    m_RemovedComponents: []
  m_SourcePrefab: {fileID: 100100000, guid: eb6fb72f9d6bc7849a8b23729bd9df72, type: 3}
--- !u!4 &7588491261768875041 stripped
Transform:
  m_CorrespondingSourceObject: {fileID: 2195517896538083589, guid: eb6fb72f9d6bc7849a8b23729bd9df72,
    type: 3}
  m_PrefabInstance: {fileID: 8590536565351640356}
  m_PrefabAsset: {fileID: 0}
--- !u!1001 &8590536565402322005
PrefabInstance:
  m_ObjectHideFlags: 0
  serializedVersion: 2
  m_Modification:
    m_TransformParent: {fileID: 8590536564809714853}
    m_Modifications:
    - target: {fileID: 1307530547834365943, guid: eb6fb72f9d6bc7849a8b23729bd9df72,
        type: 3}
      propertyPath: m_Name
      value: SmallWhiteCube
      objectReference: {fileID: 0}
    - target: {fileID: 2195517896538083589, guid: eb6fb72f9d6bc7849a8b23729bd9df72,
        type: 3}
      propertyPath: m_LocalPosition.x
      value: -1.5
      objectReference: {fileID: 0}
    - target: {fileID: 2195517896538083589, guid: eb6fb72f9d6bc7849a8b23729bd9df72,
        type: 3}
      propertyPath: m_LocalPosition.y
      value: -0.25
      objectReference: {fileID: 0}
    - target: {fileID: 2195517896538083589, guid: eb6fb72f9d6bc7849a8b23729bd9df72,
        type: 3}
      propertyPath: m_LocalPosition.z
      value: 0.5
      objectReference: {fileID: 0}
    - target: {fileID: 2195517896538083589, guid: eb6fb72f9d6bc7849a8b23729bd9df72,
        type: 3}
      propertyPath: m_LocalRotation.x
      value: 0
      objectReference: {fileID: 0}
    - target: {fileID: 2195517896538083589, guid: eb6fb72f9d6bc7849a8b23729bd9df72,
        type: 3}
      propertyPath: m_LocalRotation.y
      value: 0
      objectReference: {fileID: 0}
    - target: {fileID: 2195517896538083589, guid: eb6fb72f9d6bc7849a8b23729bd9df72,
        type: 3}
      propertyPath: m_LocalRotation.z
      value: 0
      objectReference: {fileID: 0}
    - target: {fileID: 2195517896538083589, guid: eb6fb72f9d6bc7849a8b23729bd9df72,
        type: 3}
      propertyPath: m_LocalRotation.w
      value: 1
      objectReference: {fileID: 0}
    - target: {fileID: 2195517896538083589, guid: eb6fb72f9d6bc7849a8b23729bd9df72,
        type: 3}
      propertyPath: m_RootOrder
      value: 5
      objectReference: {fileID: 0}
    - target: {fileID: 2195517896538083589, guid: eb6fb72f9d6bc7849a8b23729bd9df72,
        type: 3}
      propertyPath: m_LocalEulerAnglesHint.x
      value: 0
      objectReference: {fileID: 0}
    - target: {fileID: 2195517896538083589, guid: eb6fb72f9d6bc7849a8b23729bd9df72,
        type: 3}
      propertyPath: m_LocalEulerAnglesHint.y
      value: 0
      objectReference: {fileID: 0}
    - target: {fileID: 2195517896538083589, guid: eb6fb72f9d6bc7849a8b23729bd9df72,
        type: 3}
      propertyPath: m_LocalEulerAnglesHint.z
      value: 0
      objectReference: {fileID: 0}
    m_RemovedComponents: []
  m_SourcePrefab: {fileID: 100100000, guid: eb6fb72f9d6bc7849a8b23729bd9df72, type: 3}
--- !u!4 &7588491261852849488 stripped
Transform:
  m_CorrespondingSourceObject: {fileID: 2195517896538083589, guid: eb6fb72f9d6bc7849a8b23729bd9df72,
    type: 3}
  m_PrefabInstance: {fileID: 8590536565402322005}
  m_PrefabAsset: {fileID: 0}
--- !u!1001 &8590536565404998662
PrefabInstance:
  m_ObjectHideFlags: 0
  serializedVersion: 2
  m_Modification:
    m_TransformParent: {fileID: 8590536564809714853}
    m_Modifications:
    - target: {fileID: 1307530547834365943, guid: eb6fb72f9d6bc7849a8b23729bd9df72,
        type: 3}
      propertyPath: m_Name
      value: SmallWhiteCube (5)
      objectReference: {fileID: 0}
    - target: {fileID: 2195517896538083589, guid: eb6fb72f9d6bc7849a8b23729bd9df72,
        type: 3}
      propertyPath: m_LocalPosition.x
      value: 1.48
      objectReference: {fileID: 0}
    - target: {fileID: 2195517896538083589, guid: eb6fb72f9d6bc7849a8b23729bd9df72,
        type: 3}
      propertyPath: m_LocalPosition.y
      value: -0.25
      objectReference: {fileID: 0}
    - target: {fileID: 2195517896538083589, guid: eb6fb72f9d6bc7849a8b23729bd9df72,
        type: 3}
      propertyPath: m_LocalPosition.z
      value: 0.5
      objectReference: {fileID: 0}
    - target: {fileID: 2195517896538083589, guid: eb6fb72f9d6bc7849a8b23729bd9df72,
        type: 3}
      propertyPath: m_LocalRotation.x
      value: 0
      objectReference: {fileID: 0}
    - target: {fileID: 2195517896538083589, guid: eb6fb72f9d6bc7849a8b23729bd9df72,
        type: 3}
      propertyPath: m_LocalRotation.y
      value: 0
      objectReference: {fileID: 0}
    - target: {fileID: 2195517896538083589, guid: eb6fb72f9d6bc7849a8b23729bd9df72,
        type: 3}
      propertyPath: m_LocalRotation.z
      value: 0
      objectReference: {fileID: 0}
    - target: {fileID: 2195517896538083589, guid: eb6fb72f9d6bc7849a8b23729bd9df72,
        type: 3}
      propertyPath: m_LocalRotation.w
      value: 1
      objectReference: {fileID: 0}
    - target: {fileID: 2195517896538083589, guid: eb6fb72f9d6bc7849a8b23729bd9df72,
        type: 3}
      propertyPath: m_RootOrder
      value: 10
      objectReference: {fileID: 0}
    - target: {fileID: 2195517896538083589, guid: eb6fb72f9d6bc7849a8b23729bd9df72,
        type: 3}
      propertyPath: m_LocalEulerAnglesHint.x
      value: 0
      objectReference: {fileID: 0}
    - target: {fileID: 2195517896538083589, guid: eb6fb72f9d6bc7849a8b23729bd9df72,
        type: 3}
      propertyPath: m_LocalEulerAnglesHint.y
      value: 0
      objectReference: {fileID: 0}
    - target: {fileID: 2195517896538083589, guid: eb6fb72f9d6bc7849a8b23729bd9df72,
        type: 3}
      propertyPath: m_LocalEulerAnglesHint.z
      value: 0
      objectReference: {fileID: 0}
    m_RemovedComponents: []
  m_SourcePrefab: {fileID: 100100000, guid: eb6fb72f9d6bc7849a8b23729bd9df72, type: 3}
--- !u!4 &7588491261851618563 stripped
Transform:
  m_CorrespondingSourceObject: {fileID: 2195517896538083589, guid: eb6fb72f9d6bc7849a8b23729bd9df72,
    type: 3}
  m_PrefabInstance: {fileID: 8590536565404998662}
  m_PrefabAsset: {fileID: 0}
--- !u!1001 &8590536565410561084
PrefabInstance:
  m_ObjectHideFlags: 0
  serializedVersion: 2
  m_Modification:
    m_TransformParent: {fileID: 8590536564809714853}
    m_Modifications:
    - target: {fileID: 1307530547834365943, guid: eb6fb72f9d6bc7849a8b23729bd9df72,
        type: 3}
      propertyPath: m_Name
      value: SmallWhiteCube (1)
      objectReference: {fileID: 0}
    - target: {fileID: 2195517896538083589, guid: eb6fb72f9d6bc7849a8b23729bd9df72,
        type: 3}
      propertyPath: m_LocalPosition.x
      value: -2.25
      objectReference: {fileID: 0}
    - target: {fileID: 2195517896538083589, guid: eb6fb72f9d6bc7849a8b23729bd9df72,
        type: 3}
      propertyPath: m_LocalPosition.y
      value: -0.25
      objectReference: {fileID: 0}
    - target: {fileID: 2195517896538083589, guid: eb6fb72f9d6bc7849a8b23729bd9df72,
        type: 3}
      propertyPath: m_LocalPosition.z
      value: 0.5
      objectReference: {fileID: 0}
    - target: {fileID: 2195517896538083589, guid: eb6fb72f9d6bc7849a8b23729bd9df72,
        type: 3}
      propertyPath: m_LocalRotation.x
      value: 0
      objectReference: {fileID: 0}
    - target: {fileID: 2195517896538083589, guid: eb6fb72f9d6bc7849a8b23729bd9df72,
        type: 3}
      propertyPath: m_LocalRotation.y
      value: 0
      objectReference: {fileID: 0}
    - target: {fileID: 2195517896538083589, guid: eb6fb72f9d6bc7849a8b23729bd9df72,
        type: 3}
      propertyPath: m_LocalRotation.z
      value: 0
      objectReference: {fileID: 0}
    - target: {fileID: 2195517896538083589, guid: eb6fb72f9d6bc7849a8b23729bd9df72,
        type: 3}
      propertyPath: m_LocalRotation.w
      value: 1
      objectReference: {fileID: 0}
    - target: {fileID: 2195517896538083589, guid: eb6fb72f9d6bc7849a8b23729bd9df72,
        type: 3}
      propertyPath: m_RootOrder
      value: 6
      objectReference: {fileID: 0}
    - target: {fileID: 2195517896538083589, guid: eb6fb72f9d6bc7849a8b23729bd9df72,
        type: 3}
      propertyPath: m_LocalEulerAnglesHint.x
      value: 0
      objectReference: {fileID: 0}
    - target: {fileID: 2195517896538083589, guid: eb6fb72f9d6bc7849a8b23729bd9df72,
        type: 3}
      propertyPath: m_LocalEulerAnglesHint.y
      value: 0
      objectReference: {fileID: 0}
    - target: {fileID: 2195517896538083589, guid: eb6fb72f9d6bc7849a8b23729bd9df72,
        type: 3}
      propertyPath: m_LocalEulerAnglesHint.z
      value: 0
      objectReference: {fileID: 0}
    m_RemovedComponents: []
  m_SourcePrefab: {fileID: 100100000, guid: eb6fb72f9d6bc7849a8b23729bd9df72, type: 3}
--- !u!4 &7588491261827788089 stripped
Transform:
  m_CorrespondingSourceObject: {fileID: 2195517896538083589, guid: eb6fb72f9d6bc7849a8b23729bd9df72,
    type: 3}
  m_PrefabInstance: {fileID: 8590536565410561084}
  m_PrefabAsset: {fileID: 0}
--- !u!1001 &8590536565468984753
PrefabInstance:
  m_ObjectHideFlags: 0
  serializedVersion: 2
  m_Modification:
    m_TransformParent: {fileID: 8590536564809714853}
    m_Modifications:
    - target: {fileID: 1307530547834365943, guid: eb6fb72f9d6bc7849a8b23729bd9df72,
        type: 3}
      propertyPath: m_Name
      value: SmallWhiteCube (11)
      objectReference: {fileID: 0}
    - target: {fileID: 2195517896538083589, guid: eb6fb72f9d6bc7849a8b23729bd9df72,
        type: 3}
      propertyPath: m_LocalPosition.x
      value: 1.48
      objectReference: {fileID: 0}
    - target: {fileID: 2195517896538083589, guid: eb6fb72f9d6bc7849a8b23729bd9df72,
        type: 3}
      propertyPath: m_LocalPosition.y
      value: -0.25
      objectReference: {fileID: 0}
    - target: {fileID: 2195517896538083589, guid: eb6fb72f9d6bc7849a8b23729bd9df72,
        type: 3}
      propertyPath: m_LocalPosition.z
      value: -0.5
      objectReference: {fileID: 0}
    - target: {fileID: 2195517896538083589, guid: eb6fb72f9d6bc7849a8b23729bd9df72,
        type: 3}
      propertyPath: m_LocalRotation.x
      value: 0
      objectReference: {fileID: 0}
    - target: {fileID: 2195517896538083589, guid: eb6fb72f9d6bc7849a8b23729bd9df72,
        type: 3}
      propertyPath: m_LocalRotation.y
      value: 0
      objectReference: {fileID: 0}
    - target: {fileID: 2195517896538083589, guid: eb6fb72f9d6bc7849a8b23729bd9df72,
        type: 3}
      propertyPath: m_LocalRotation.z
      value: 0
      objectReference: {fileID: 0}
    - target: {fileID: 2195517896538083589, guid: eb6fb72f9d6bc7849a8b23729bd9df72,
        type: 3}
      propertyPath: m_LocalRotation.w
      value: 1
      objectReference: {fileID: 0}
    - target: {fileID: 2195517896538083589, guid: eb6fb72f9d6bc7849a8b23729bd9df72,
        type: 3}
      propertyPath: m_RootOrder
      value: 16
      objectReference: {fileID: 0}
    - target: {fileID: 2195517896538083589, guid: eb6fb72f9d6bc7849a8b23729bd9df72,
        type: 3}
      propertyPath: m_LocalEulerAnglesHint.x
      value: 0
      objectReference: {fileID: 0}
    - target: {fileID: 2195517896538083589, guid: eb6fb72f9d6bc7849a8b23729bd9df72,
        type: 3}
      propertyPath: m_LocalEulerAnglesHint.y
      value: 0
      objectReference: {fileID: 0}
    - target: {fileID: 2195517896538083589, guid: eb6fb72f9d6bc7849a8b23729bd9df72,
        type: 3}
      propertyPath: m_LocalEulerAnglesHint.z
      value: 0
      objectReference: {fileID: 0}
    m_RemovedComponents: []
  m_SourcePrefab: {fileID: 100100000, guid: eb6fb72f9d6bc7849a8b23729bd9df72, type: 3}
--- !u!4 &7588491261919765684 stripped
Transform:
  m_CorrespondingSourceObject: {fileID: 2195517896538083589, guid: eb6fb72f9d6bc7849a8b23729bd9df72,
    type: 3}
  m_PrefabInstance: {fileID: 8590536565468984753}
  m_PrefabAsset: {fileID: 0}
--- !u!1001 &8590536565789700861
PrefabInstance:
  m_ObjectHideFlags: 0
  serializedVersion: 2
  m_Modification:
    m_TransformParent: {fileID: 8590536564809714853}
    m_Modifications:
    - target: {fileID: 1307530547834365943, guid: eb6fb72f9d6bc7849a8b23729bd9df72,
        type: 3}
      propertyPath: m_Name
      value: SmallWhiteCube (7)
      objectReference: {fileID: 0}
    - target: {fileID: 2195517896538083589, guid: eb6fb72f9d6bc7849a8b23729bd9df72,
        type: 3}
      propertyPath: m_LocalPosition.x
      value: -2.25
      objectReference: {fileID: 0}
    - target: {fileID: 2195517896538083589, guid: eb6fb72f9d6bc7849a8b23729bd9df72,
        type: 3}
      propertyPath: m_LocalPosition.y
      value: -0.25
      objectReference: {fileID: 0}
    - target: {fileID: 2195517896538083589, guid: eb6fb72f9d6bc7849a8b23729bd9df72,
        type: 3}
      propertyPath: m_LocalPosition.z
      value: -0.5
      objectReference: {fileID: 0}
    - target: {fileID: 2195517896538083589, guid: eb6fb72f9d6bc7849a8b23729bd9df72,
        type: 3}
      propertyPath: m_LocalRotation.x
      value: 0
      objectReference: {fileID: 0}
    - target: {fileID: 2195517896538083589, guid: eb6fb72f9d6bc7849a8b23729bd9df72,
        type: 3}
      propertyPath: m_LocalRotation.y
      value: 0
      objectReference: {fileID: 0}
    - target: {fileID: 2195517896538083589, guid: eb6fb72f9d6bc7849a8b23729bd9df72,
        type: 3}
      propertyPath: m_LocalRotation.z
      value: 0
      objectReference: {fileID: 0}
    - target: {fileID: 2195517896538083589, guid: eb6fb72f9d6bc7849a8b23729bd9df72,
        type: 3}
      propertyPath: m_LocalRotation.w
      value: 1
      objectReference: {fileID: 0}
    - target: {fileID: 2195517896538083589, guid: eb6fb72f9d6bc7849a8b23729bd9df72,
        type: 3}
      propertyPath: m_RootOrder
      value: 12
      objectReference: {fileID: 0}
    - target: {fileID: 2195517896538083589, guid: eb6fb72f9d6bc7849a8b23729bd9df72,
        type: 3}
      propertyPath: m_LocalEulerAnglesHint.x
      value: 0
      objectReference: {fileID: 0}
    - target: {fileID: 2195517896538083589, guid: eb6fb72f9d6bc7849a8b23729bd9df72,
        type: 3}
      propertyPath: m_LocalEulerAnglesHint.y
      value: 0
      objectReference: {fileID: 0}
    - target: {fileID: 2195517896538083589, guid: eb6fb72f9d6bc7849a8b23729bd9df72,
        type: 3}
      propertyPath: m_LocalEulerAnglesHint.z
      value: 0
      objectReference: {fileID: 0}
    m_RemovedComponents: []
  m_SourcePrefab: {fileID: 100100000, guid: eb6fb72f9d6bc7849a8b23729bd9df72, type: 3}
--- !u!4 &7588491262203552760 stripped
Transform:
  m_CorrespondingSourceObject: {fileID: 2195517896538083589, guid: eb6fb72f9d6bc7849a8b23729bd9df72,
    type: 3}
  m_PrefabInstance: {fileID: 8590536565789700861}
  m_PrefabAsset: {fileID: 0}
--- !u!1001 &8590536565821979108
PrefabInstance:
  m_ObjectHideFlags: 0
  serializedVersion: 2
  m_Modification:
    m_TransformParent: {fileID: 8590536564809714853}
    m_Modifications:
    - target: {fileID: 1307530547834365943, guid: eb6fb72f9d6bc7849a8b23729bd9df72,
        type: 3}
      propertyPath: m_Name
      value: SmallWhiteCube (9)
      objectReference: {fileID: 0}
    - target: {fileID: 2195517896538083589, guid: eb6fb72f9d6bc7849a8b23729bd9df72,
        type: 3}
      propertyPath: m_LocalPosition.x
      value: 2.98
      objectReference: {fileID: 0}
    - target: {fileID: 2195517896538083589, guid: eb6fb72f9d6bc7849a8b23729bd9df72,
        type: 3}
      propertyPath: m_LocalPosition.y
      value: -0.25
      objectReference: {fileID: 0}
    - target: {fileID: 2195517896538083589, guid: eb6fb72f9d6bc7849a8b23729bd9df72,
        type: 3}
      propertyPath: m_LocalPosition.z
      value: -0.5
      objectReference: {fileID: 0}
    - target: {fileID: 2195517896538083589, guid: eb6fb72f9d6bc7849a8b23729bd9df72,
        type: 3}
      propertyPath: m_LocalRotation.x
      value: 0
      objectReference: {fileID: 0}
    - target: {fileID: 2195517896538083589, guid: eb6fb72f9d6bc7849a8b23729bd9df72,
        type: 3}
      propertyPath: m_LocalRotation.y
      value: 0
      objectReference: {fileID: 0}
    - target: {fileID: 2195517896538083589, guid: eb6fb72f9d6bc7849a8b23729bd9df72,
        type: 3}
      propertyPath: m_LocalRotation.z
      value: 0
      objectReference: {fileID: 0}
    - target: {fileID: 2195517896538083589, guid: eb6fb72f9d6bc7849a8b23729bd9df72,
        type: 3}
      propertyPath: m_LocalRotation.w
      value: 1
      objectReference: {fileID: 0}
    - target: {fileID: 2195517896538083589, guid: eb6fb72f9d6bc7849a8b23729bd9df72,
        type: 3}
      propertyPath: m_RootOrder
      value: 14
      objectReference: {fileID: 0}
    - target: {fileID: 2195517896538083589, guid: eb6fb72f9d6bc7849a8b23729bd9df72,
        type: 3}
      propertyPath: m_LocalEulerAnglesHint.x
      value: 0
      objectReference: {fileID: 0}
    - target: {fileID: 2195517896538083589, guid: eb6fb72f9d6bc7849a8b23729bd9df72,
        type: 3}
      propertyPath: m_LocalEulerAnglesHint.y
      value: 0
      objectReference: {fileID: 0}
    - target: {fileID: 2195517896538083589, guid: eb6fb72f9d6bc7849a8b23729bd9df72,
        type: 3}
      propertyPath: m_LocalEulerAnglesHint.z
      value: 0
      objectReference: {fileID: 0}
    m_RemovedComponents: []
  m_SourcePrefab: {fileID: 100100000, guid: eb6fb72f9d6bc7849a8b23729bd9df72, type: 3}
--- !u!4 &7588491262240024801 stripped
Transform:
  m_CorrespondingSourceObject: {fileID: 2195517896538083589, guid: eb6fb72f9d6bc7849a8b23729bd9df72,
    type: 3}
  m_PrefabInstance: {fileID: 8590536565821979108}
  m_PrefabAsset: {fileID: 0}
--- !u!1001 &8590536565874770470
PrefabInstance:
  m_ObjectHideFlags: 0
  serializedVersion: 2
  m_Modification:
    m_TransformParent: {fileID: 8590536564809714853}
    m_Modifications:
    - target: {fileID: 1307530547834365943, guid: a97d1e3278b9c274488a3eb3833e5639,
        type: 3}
      propertyPath: m_Name
      value: BigBlackCube (3)
      objectReference: {fileID: 0}
    - target: {fileID: 2195517896538083589, guid: a97d1e3278b9c274488a3eb3833e5639,
        type: 3}
      propertyPath: m_LocalPosition.x
      value: -3
      objectReference: {fileID: 0}
    - target: {fileID: 2195517896538083589, guid: a97d1e3278b9c274488a3eb3833e5639,
        type: 3}
      propertyPath: m_LocalPosition.y
      value: 0
      objectReference: {fileID: 0}
    - target: {fileID: 2195517896538083589, guid: a97d1e3278b9c274488a3eb3833e5639,
        type: 3}
      propertyPath: m_LocalPosition.z
      value: 1.5
      objectReference: {fileID: 0}
    - target: {fileID: 2195517896538083589, guid: a97d1e3278b9c274488a3eb3833e5639,
        type: 3}
      propertyPath: m_LocalRotation.x
      value: 0
      objectReference: {fileID: 0}
    - target: {fileID: 2195517896538083589, guid: a97d1e3278b9c274488a3eb3833e5639,
        type: 3}
      propertyPath: m_LocalRotation.y
      value: 0
      objectReference: {fileID: 0}
    - target: {fileID: 2195517896538083589, guid: a97d1e3278b9c274488a3eb3833e5639,
        type: 3}
      propertyPath: m_LocalRotation.z
      value: 0
      objectReference: {fileID: 0}
    - target: {fileID: 2195517896538083589, guid: a97d1e3278b9c274488a3eb3833e5639,
        type: 3}
      propertyPath: m_LocalRotation.w
      value: 1
      objectReference: {fileID: 0}
    - target: {fileID: 2195517896538083589, guid: a97d1e3278b9c274488a3eb3833e5639,
        type: 3}
      propertyPath: m_RootOrder
      value: 2
      objectReference: {fileID: 0}
    - target: {fileID: 2195517896538083589, guid: a97d1e3278b9c274488a3eb3833e5639,
        type: 3}
      propertyPath: m_LocalEulerAnglesHint.x
      value: 0
      objectReference: {fileID: 0}
    - target: {fileID: 2195517896538083589, guid: a97d1e3278b9c274488a3eb3833e5639,
        type: 3}
      propertyPath: m_LocalEulerAnglesHint.y
      value: 0
      objectReference: {fileID: 0}
    - target: {fileID: 2195517896538083589, guid: a97d1e3278b9c274488a3eb3833e5639,
        type: 3}
      propertyPath: m_LocalEulerAnglesHint.z
      value: 0
      objectReference: {fileID: 0}
    m_RemovedComponents: []
  m_SourcePrefab: {fileID: 100100000, guid: a97d1e3278b9c274488a3eb3833e5639, type: 3}
--- !u!4 &7588491262321365795 stripped
Transform:
  m_CorrespondingSourceObject: {fileID: 2195517896538083589, guid: a97d1e3278b9c274488a3eb3833e5639,
    type: 3}
  m_PrefabInstance: {fileID: 8590536565874770470}
  m_PrefabAsset: {fileID: 0}
--- !u!1001 &8590536565938712485
PrefabInstance:
  m_ObjectHideFlags: 0
  serializedVersion: 2
  m_Modification:
    m_TransformParent: {fileID: 8590536564809714853}
    m_Modifications:
    - target: {fileID: 1307530547834365943, guid: eb6fb72f9d6bc7849a8b23729bd9df72,
        type: 3}
      propertyPath: m_Name
      value: SmallWhiteCube (2)
      objectReference: {fileID: 0}
    - target: {fileID: 2195517896538083589, guid: eb6fb72f9d6bc7849a8b23729bd9df72,
        type: 3}
      propertyPath: m_LocalPosition.x
      value: -3
      objectReference: {fileID: 0}
    - target: {fileID: 2195517896538083589, guid: eb6fb72f9d6bc7849a8b23729bd9df72,
        type: 3}
      propertyPath: m_LocalPosition.y
      value: -0.25
      objectReference: {fileID: 0}
    - target: {fileID: 2195517896538083589, guid: eb6fb72f9d6bc7849a8b23729bd9df72,
        type: 3}
      propertyPath: m_LocalPosition.z
      value: 0.5
      objectReference: {fileID: 0}
    - target: {fileID: 2195517896538083589, guid: eb6fb72f9d6bc7849a8b23729bd9df72,
        type: 3}
      propertyPath: m_LocalRotation.x
      value: 0
      objectReference: {fileID: 0}
    - target: {fileID: 2195517896538083589, guid: eb6fb72f9d6bc7849a8b23729bd9df72,
        type: 3}
      propertyPath: m_LocalRotation.y
      value: 0
      objectReference: {fileID: 0}
    - target: {fileID: 2195517896538083589, guid: eb6fb72f9d6bc7849a8b23729bd9df72,
        type: 3}
      propertyPath: m_LocalRotation.z
      value: 0
      objectReference: {fileID: 0}
    - target: {fileID: 2195517896538083589, guid: eb6fb72f9d6bc7849a8b23729bd9df72,
        type: 3}
      propertyPath: m_LocalRotation.w
      value: 1
      objectReference: {fileID: 0}
    - target: {fileID: 2195517896538083589, guid: eb6fb72f9d6bc7849a8b23729bd9df72,
        type: 3}
      propertyPath: m_RootOrder
      value: 7
      objectReference: {fileID: 0}
    - target: {fileID: 2195517896538083589, guid: eb6fb72f9d6bc7849a8b23729bd9df72,
        type: 3}
      propertyPath: m_LocalEulerAnglesHint.x
      value: 0
      objectReference: {fileID: 0}
    - target: {fileID: 2195517896538083589, guid: eb6fb72f9d6bc7849a8b23729bd9df72,
        type: 3}
      propertyPath: m_LocalEulerAnglesHint.y
      value: 0
      objectReference: {fileID: 0}
    - target: {fileID: 2195517896538083589, guid: eb6fb72f9d6bc7849a8b23729bd9df72,
        type: 3}
      propertyPath: m_LocalEulerAnglesHint.z
      value: 0
      objectReference: {fileID: 0}
    m_RemovedComponents: []
  m_SourcePrefab: {fileID: 100100000, guid: eb6fb72f9d6bc7849a8b23729bd9df72, type: 3}
--- !u!4 &7588491262390288032 stripped
Transform:
  m_CorrespondingSourceObject: {fileID: 2195517896538083589, guid: eb6fb72f9d6bc7849a8b23729bd9df72,
    type: 3}
  m_PrefabInstance: {fileID: 8590536565938712485}
  m_PrefabAsset: {fileID: 0}
--- !u!1001 &8590536565984708377
PrefabInstance:
  m_ObjectHideFlags: 0
  serializedVersion: 2
  m_Modification:
    m_TransformParent: {fileID: 8590536564809714853}
    m_Modifications:
    - target: {fileID: 1307530547834365943, guid: a97d1e3278b9c274488a3eb3833e5639,
        type: 3}
      propertyPath: m_Name
      value: BigBlackCube (1)
      objectReference: {fileID: 0}
    - target: {fileID: 2195517896538083589, guid: a97d1e3278b9c274488a3eb3833e5639,
        type: 3}
      propertyPath: m_LocalPosition.x
      value: 0
      objectReference: {fileID: 0}
    - target: {fileID: 2195517896538083589, guid: a97d1e3278b9c274488a3eb3833e5639,
        type: 3}
      propertyPath: m_LocalPosition.y
      value: 0
      objectReference: {fileID: 0}
    - target: {fileID: 2195517896538083589, guid: a97d1e3278b9c274488a3eb3833e5639,
        type: 3}
      propertyPath: m_LocalPosition.z
      value: 1.5
      objectReference: {fileID: 0}
    - target: {fileID: 2195517896538083589, guid: a97d1e3278b9c274488a3eb3833e5639,
        type: 3}
      propertyPath: m_LocalRotation.x
      value: 0
      objectReference: {fileID: 0}
    - target: {fileID: 2195517896538083589, guid: a97d1e3278b9c274488a3eb3833e5639,
        type: 3}
      propertyPath: m_LocalRotation.y
      value: 0
      objectReference: {fileID: 0}
    - target: {fileID: 2195517896538083589, guid: a97d1e3278b9c274488a3eb3833e5639,
        type: 3}
      propertyPath: m_LocalRotation.z
      value: 0
      objectReference: {fileID: 0}
    - target: {fileID: 2195517896538083589, guid: a97d1e3278b9c274488a3eb3833e5639,
        type: 3}
      propertyPath: m_LocalRotation.w
      value: 1
      objectReference: {fileID: 0}
    - target: {fileID: 2195517896538083589, guid: a97d1e3278b9c274488a3eb3833e5639,
        type: 3}
      propertyPath: m_RootOrder
      value: 0
      objectReference: {fileID: 0}
    - target: {fileID: 2195517896538083589, guid: a97d1e3278b9c274488a3eb3833e5639,
        type: 3}
      propertyPath: m_LocalEulerAnglesHint.x
      value: 0
      objectReference: {fileID: 0}
    - target: {fileID: 2195517896538083589, guid: a97d1e3278b9c274488a3eb3833e5639,
        type: 3}
      propertyPath: m_LocalEulerAnglesHint.y
      value: 0
      objectReference: {fileID: 0}
    - target: {fileID: 2195517896538083589, guid: a97d1e3278b9c274488a3eb3833e5639,
        type: 3}
      propertyPath: m_LocalEulerAnglesHint.z
      value: 0
      objectReference: {fileID: 0}
    m_RemovedComponents: []
  m_SourcePrefab: {fileID: 100100000, guid: a97d1e3278b9c274488a3eb3833e5639, type: 3}
--- !u!4 &7588491262402991644 stripped
Transform:
  m_CorrespondingSourceObject: {fileID: 2195517896538083589, guid: a97d1e3278b9c274488a3eb3833e5639,
    type: 3}
  m_PrefabInstance: {fileID: 8590536565984708377}
  m_PrefabAsset: {fileID: 0}
